@ARTICLE{boyerMoore,
    author = {Robert Boyer, and J Strother Moore},
    title = {A Fast String Searching Algorithm},
    journal = {Communications of the ACM},
    volume = {20},
    number = {10},
    pages = {762-772},
    month = {October},
    year = {1977},
}

@ARTICLE{fsw,
    author = {Amjad Hudaib, Rola al-khalid, Mariam Abd Alfattah Itriq, and Dima Suleiman},
    title = {Four Sliding Windows Pattern Matching Algorithm},
    journal = {Journal of Software Engineering and Applications},
    volume = {8},
    number = {3},
    pages = {154-165},
    month = {March},
    year = {2015},
}

@phdthesis{berry,
    author = {Thomas Berry},
    advisor = {Dr. S. Ravindran},
    title = {Algorithm Engineering: String processing},
    institution = {Liverpool John Moores University},
    year = {2002},
}
@misc{bruteforce,
	author 			 = {GeeksforGeeks},
	title 			 = {Searching for Patterns | Set 1 (Naive Pattern Searching)},
	year 				 = {n.d.},
	url 				 = {https://www.geeksforgeeks.org/searching-for-patterns-set-1-naive-pattern-searching/},
	lastaccessed = {May 16, 2018},
}
