@ARTICLE{jacobsen,
    author = {Jon Jacobsen{,} Owen Lewis{,} Bradley Tennis},
    title = {Approximations of Continuous Newton's Method: An Extension of Cayley's Problem},
    journal = {Electronic Jounal of Differential Equations},
    volume = {15},
    pages = {163-173},
    year = {2007},
}

@BOOK{numAnal,
	author = {Richard Burden{,} J. Douglas Faires},
	title = {Numerical Analysis}
}


@ARTICLE{fsw,
    author = {Amjad Hudaib, Rola al-khalid, Mariam Abd Alfattah Itriq, and Dima Suleiman},
    title = {Four Sliding Windows Pattern Matching Algorithm},
    journal = {Journal of Software Engineering and Applications},
    volume = {8},
    number = {3},
    pages = {154-165},
    month = {March},
    year = {2015},
}

@techreport{berry,
    author = {Thomas Berry},
    title = {Algorithm Engineering: String processing},
    institution = {Liverpool John Moores University},
    year = {2002},
}

@article{neuberger,
	author= {J. W. Neuberger},
	title = {Continuous Newton's method for polynomials},
	journal = {Math. Intell},
	volume = {21},
	pages = {18-23},
	year = {1999}
}

@book{CauchyRiemann,
	author = {John H. Mathews{,} Russell W. Howell},
	title = {COMPLEX ANALYSIS: for Mathematics and Engineering},
	year = {2012},
	publisher = {Jones and Bartlett Pub. Inc.}
}

@misc{PaulNM,
	author = {Paul Dawkins},
	title = {Newton's Method},
	howpublished = {\url{http://tutorial.math.lamar.edu/Classes/CalcI/NewtonsMethod.aspx}},
	note = {Accessed: 2018-12-13}
}